<?xml version="1.0" encoding="UTF-8"?><collection xmlns="http://www.loc.gov/MARC21/slim"><record><leader>00576nam--2200181-i-4500</leader><controlfield tag="001">000013485</controlfield><controlfield tag="002">20161230</controlfield><controlfield tag="005">20161230201030</controlfield><controlfield tag="008">060222s1000------------r-----000-0-rum-d</controlfield><datafield ind1=" " ind2=" " tag="040"><subfield code="a">IFIN-HH</subfield></datafield><datafield ind1=" " ind2=" " tag="041"><subfield code="a">rum</subfield></datafield><datafield ind1=" " ind2=" " tag="080"><subfield code="a">532.835:628.39:502.55</subfield></datafield><datafield ind1="1" ind2=" " tag="100"><subfield code="a">Stan, A</subfield></datafield><datafield ind1="1" ind2="0" tag="245"><subfield code="a">Consfatuirea "zgomotul centrelor populate, metode si mijloace de combatere"</subfield><subfield code="b">(Bucuresti, 9-10 noiembrie 1978)</subfield><subfield code="c">A. Stan (sub redactia Prof.)</subfield></datafield><datafield ind1=" " ind2=" " tag="260"><subfield code="a">Bucuresti, Universitatea Cultural-stiintifica Bucuresti, 1980</subfield></datafield><datafield ind1=" " ind2=" " tag="300"><subfield code="a">185 P</subfield></datafield><datafield ind1=" " ind2=" " tag="852"><subfield code="a">48773</subfield><subfield code="c">534</subfield></datafield><datafield ind1=" " ind2=" " tag="CAT"><subfield code="a">Sys</subfield><subfield code="c">20101008</subfield><subfield code="h">125756</subfield></datafield></record></collection>